@online{orpheus_der_rote,
   title        = {Der rote Faden},
   author       = {Hoge, Mike},
   year         = {o.\,J.,},
   organization = {Gothic Archive},
   url          = {https://media.gothicarchive.org/documents/orpheus/OrpheusRoterFaden.pdf}
}

@online{orpheus_der_werdegang,
   title        = {Der Werdegang eines SC's},
   author       = {Hoge, Mike},
   year         = {o.\,J.,},
   organization = {Gothic Archive},
   url          = {https://media.gothicarchive.org/documents/orpheus/OrpheusProgression.pdf}
}

@online{orpheus_kampfsteuerung,
   title        = {[Notizen zur Kampfsteuerung]},
   author       = {Hoge, Mike},
   year         = {o.\,J.,},
   organization = {Gothic Archive},
   url          = {https://media.gothicarchive.org/documents/orpheus/OrpheusFightControls.pdf}
}

@online{orpheus_bewegungen,
   title        = {Orpheus -- Bewegungen},
   author       = {Hoge, Mike},
   year         = {o.\,J.,},
   organization = {Gothic Archive},
   url          = {https://media.gothicarchive.org/documents/orpheus/OrpheusAnimations.pdf}
}

@online{orpheus_interface,
   title        = {Orpheus -- Interface},
   author       = {Hoge, Mike},
   year         = {o.\,J.,},
   organization = {Gothic Archive},
   url          = {https://media.gothicarchive.org/documents/orpheus/OrpheusInterface.pdf}
}

@online{orpheus_b_scribbles,
   title        = {Orpheus. B – Scribbles},
   author       = {Hoge, Mike},
   year         = {o.\,J.,},
   organization = {Gothic Archive},
   url          = {https://media.gothicarchive.org/documents/orpheus/Orpheus-B-Scribbles.pdf}
}

@online{orpheus_gildensystem,
   title        = {Orpheus – Spielwelt/Gildensystem},
   author       = {Hoge, Mike},
   year         = {o.\,J.,},
   organization = {Gothic Archive},
   url          = {https://media.gothicarchive.org/documents/orpheus/OrpheusGuilds-V1.pdf}
}

@online{orpheus_gildensystem_v2,
   title        = {Orpheus – Spielwelt/Gildensystem V2},
   author       = {Hoge, Mike},
   year         = {o.\,J.,},
   organization = {Gothic Archive},
   url          = {https://media.gothicarchive.org/documents/orpheus/OrpheusGuilds-V2.pdf}
}

@online{orpheus_zusammenfassung,
   title        = {Zusammenfassung zum Orpheus-Konzept},
   author       = {Hoge, Mike},
   year         = {1996},
   organization = {Gothic Archive},
   url          = {https://media.gothicarchive.org/documents/orpheus/OrpheusConceptSummary.pdf}
}

@online{flosha_evolution,
   title        = {Evolution of the Map},
   author       = {Flosha},
   year         = {2024},
   organization = {PhoenixTales},
   url          = {https://docs.phoenixthegame.com/story/map-evolution},
}

@online{wiki_vob,
   title        = {Vobs},
   year         = {2016},
   organization = {Gothic Editing Wiki},
   url          = {https://wiki.worldofgothic.de/doku.php?id=spacer:vobs},
}
